@article{hinton2006reducing,
  title={Reducing the dimensionality of data with neural networks},
  author={Hinton, Geoffrey E and Salakhutdinov, Ruslan R},
  journal={Science},
  volume={313},
  number={5786},
  pages={504--507},
  year={2006},
  publisher={American Association for the Advancement of Science}
}

@inproceedings{sainath2013deep,
  title={Deep convolutional neural networks for LVCSR},
  author={Sainath, Tara N and Mohamed, A-r and Kingsbury, Brian and Ramabhadran, Bhuvana},
  booktitle={Acoustics, Speech and Signal Processing (ICASSP), 2013 IEEE International Conference on},
  pages={8614--8618},
  year={2013},
  organization={IEEE}
}

@inproceedings{graves2013speech,
  title={Speech recognition with deep recurrent neural networks},
  author={Graves, Alex and Mohamed, A-R and Hinton, Geoffrey},
  booktitle={Acoustics, Speech and Signal Processing (ICASSP), 2013 IEEE International Conference on},
  pages={6645--6649},
  year={2013},
  organization={IEEE}
}

@inproceedings{graves2014towards,
  title={Towards end-to-end speech recognition with recurrent neural networks},
  author={Graves, Alex and Jaitly, Navdeep},
  booktitle={Proceedings of the 31st International Conference on Machine Learning (ICML-14)},
  pages={1764--1772},
  year={2014}
}

@article{robinson1994application,
  title={An application of recurrent nets to phone probability estimation},
  author={Robinson, Anthony J},
  journal={Neural Networks, IEEE Transactions on},
  volume={5},
  number={2},
  pages={298--305},
  year={1994},
  publisher={IEEE}
}

@article{lecun1995convolutional,
  title={Convolutional networks for images, speech, and time series},
  author={LeCun, Yann and Bengio, Yoshua},
  journal={The handbook of brain theory and neural networks},
  volume={3361},
  pages={310},
  year={1995},
  publisher={Cambridge, MA: MIT Press}
}